@INPROCEEDINGS{9245310,  author={Došilović, Herman Zvonimir and Mekterović, Igor},  booktitle={2020 43rd International Convention on Information, Communication and Electronic Technology (MIPRO)},   title={Robust and Scalable Online Code Execution System},   year={2020},  volume={},  number={},  pages={1627-1632},  doi={10.23919/MIPRO48935.2020.9245310}}

@ARTICLE{9079865,  author={Mekterović, Igor and Brkić, Ljiljana and Milašinović, Boris and Baranović, Mirta},  journal={IEEE Access},   title={Building a Comprehensive Automated Programming Assessment System},   year={2020},  volume={8},  number={},  pages={81154-81172},  doi={10.1109/ACCESS.2020.2990980}}